<?xml version="1.0" encoding="UTF-8"?><collection xmlns="http://www.loc.gov/MARC21/slim"><record><leader>00338nam--2200121-i-4500</leader><controlfield tag="001">000002797</controlfield><controlfield tag="002">20161230</controlfield><controlfield tag="005">20161230201025</controlfield><controlfield tag="008">060222s1000------------r-----000-0-eng-d</controlfield><datafield ind1=" " ind2=" " tag="100"><subfield code="a">Bacq, Z.M. And Alexander,P</subfield></datafield><datafield ind1=" " ind2=" " tag="245"><subfield code="a">Radiobiology symposium.1954.symposium de radiobiologie</subfield></datafield><datafield ind1=" " ind2=" " tag="260"><subfield code="a">London,Butterworth,1955. Xix + 362 P</subfield></datafield><datafield ind1=" " ind2=" " tag="852"><subfield code="a">10652</subfield></datafield></record></collection>